@article{
stellar,
author={David Mazieres},
title={The Stellar Consensus Protocol:
A Federated Model for Internet-level Consensus}.
year={2015},
month={April},
howpublished={https://www.stellar.org/papers/stellar-consensus-protocol.pdf}
}

@misc{
peppercoin,
author={Ron Rivest and Silvio Micali},
howpublished={http://people.csail.mit.edu/rivest/pubs/Riv04c.slides.slides.pdf},
title={Peppercoin Micropayments},
year={2003}}

@article{
digicash,
author={David Chaum},
title={Blind Signatures for Untraceable Payments},
year={1998},
howpublished={http://diyhpl.us/~bryan/papers2/bitcoin/Blind%20signatures%20for%20untraceable%20payments.pdf}
}